Scopus
EXPORT DATE: 11 June 2015

@ARTICLE{Chou20141055,
author={Chou, Y.-C. and Liao, W.-C.},
title={A hybrid iterative method based on MPI and CUDA for steady-state solutions of markov chains},
journal={Lecture Notes in Electrical Engineering},
year={2014},
volume={293},
pages={1055-1062},
doi={10.1007/978-3-319-04573-3_129},
note={cited By 0},
url={http://www.scopus.com/inward/record.url?eid=2-s2.0-84928235452&partnerID=40&md5=8f096ccc951d93ba4588c9bfe6669a4a},
document_type={Conference Paper},
source={Scopus},
}
