Scopus
EXPORT DATE: 11 June 2015

@ARTICLE{Chau2007581,
author={Chau, M. and El Baz, D. and Guivarch, R. and Spiteri, P.},
title={MPI implementation of parallel subdomain methods for linear and nonlinear convection-diffusion problems},
journal={Journal of Parallel and Distributed Computing},
year={2007},
volume={67},
number={5},
pages={581-591},
doi={10.1016/j.jpdc.2007.01.003},
note={cited By 9},
url={http://www.scopus.com/inward/record.url?eid=2-s2.0-34047185430&partnerID=40&md5=60d4a948235c1b04a30fbf6b55f5ed95},
document_type={Article},
source={Scopus},
}
