Scopus
EXPORT DATE: 11 June 2015

@CONFERENCE{Cabral2014196,
author={Cabral, F.L. and Osthoff, C. and Kischinhevsky, M. and Brand√£o, D.},
title={Hybrid MPI/OpenMP/OpenACC implementations for the solution of convection-diffusion equations with the HOPMOC method},
journal={Proceedings - 14th International Conference on Computational Science and Its Applications, ICCSA 2014},
year={2014},
pages={196-199},
doi={10.1109/ICCSA.2014.44},
art_number={6976686},
note={cited By 0},
url={http://www.scopus.com/inward/record.url?eid=2-s2.0-84919798978&partnerID=40&md5=04e74a1f32d295b07506554f10f6cafd},
document_type={Conference Paper},
source={Scopus},
}
