% This file was created with JabRef 2.10.
% Encoding: UTF8

@Article{GlyzinSD_1,
  Title                    = {Диффузионный хаос в задаче "<реакция–диффузия"> c гантелеобразной областью определения пространственной переменной},
  Author                   = {С. Д. Глызин, П. Л. Шокин},
  Journal                  = {Моделирование и анализ информационных систем},
  Year                     = {2013},

  Number                   = {3},
  Pages                    = {43--57},
  Volume                   = {20}
}

@Article{GlyzinSD_2,
  Title                    = {Размерностные характеристики диффузионного хаоса},
  Author                   = {С. Д. Глызин},
  Journal                  = {Моделирование и анализ информационных систем},
  Year                     = {2013},

  Number                   = {1},
  Pages                    = {30--51},
  Volume                   = {20}
}

@Article{Thomas,
  Title                    = {Numerical Partial Differential Equations: Finite Difference Methods},
  Author                   = {J. W. Thomas},
  Journal                  = {Texts in Applied Mathematics},
  Year                     = {1995},

  Number                   = {1},
  Pages                    = {!!!},
  Volume                   = {22}
}


@Article{svm_tutorial_from_Burges,
  Title                    = {A Tutorial on Support Vector Machines for Pattern Recognition},
  Author                   = {Burges, Christopher J. C.},
  Journal                  = {Data Mining and Knowledge Discovery},
  Year                     = {1998},

  Month                    = {June},
  Number                   = {2},
  Pages                    = {121--167},
  Volume                   = {2},

  ISSN                     = {1384-5810},
  Keywords                 = {VC dimension, pattern recognition, statistical learning theory, support vector machines},
  Language                 = {english},
  Numpages                 = {47},
  Publisher                = {Kluwer Academic Publishers}
}

@Conference{classification_with_persistent_homology_CTIC,
  Title                    = {The Classification of Endoscopy Images with Persistent Homology},
  Author                   = {Dunaeva, O. and Edelsbrunner, H. and Lukyanov, A. and Machin, M. and Malkova, D.},
  Booktitle                = {Symbolic and Numeric Algorithms for Scientific Computing (SYNASC), 16th International Symposium on},
  Year                     = {2014},
  Pages                    = {565--570},

  Language                 = {english},
  Owner                    = {MAXbrainRUS},
  Timestamp                = {2015.05.27}
}

@Article{comprasion_svm_multiclass_methods,
  Title                    = {A Comparison of Methods for Multi-class Support Vector Machines},
  Author                   = {Chih-Wei Hsu and Chih-Jen Lin},
  Journal                  = {IEEE Transactions on Neural Networks},
  Year                     = {2002},

  Month                    = {March},
  Number                   = {2},
  Volume                   = {13},

  Hyphenation              = {english},
  Language                 = {english},
  Owner                    = {Maks},
  Timestamp                = {2015.04.21}
}

@Conference{endo_classification_on_geom_features,
  Title                    = {Segmentation of Clinical Endoscopic Images Based on Classification of Geometrical Features},
  Author                   = {Kuvaev, R. and Kashin, S. and Machin, M. and Lukyanov, A. and Malkova, D.},
  Booktitle                = {Geometry, Topology, and Applications: Yaroslavl international conference.},
  Year                     = {2013},
  Pages                    = {38-41},

  Hyphenation              = {english},
  Language                 = {english},
  Owner                    = {Maks},
  Timestamp                = {2015.04.26}
}

@Article{cancer_risk_fros_s_pattern,
  Title                    = {Endoscopic computer-aided decision support system in patients with H.pylori gastritis},
  Author                   = {Kuvaev, R. and Nikono, E. and Kashin, S. and Nadezhin, A. and Edelsbrunner, H. and Machin, M.},
  Journal                  = {Journal of Gas\-tro\-enterology and Hepatology},
  Year                     = {2013},
  Number                   = {3},
  Pages                    = {476},
  Volume                   = {28},

  File                     = {:http\://onlinelibrary.wiley.com/doi/10.1111/jgh.12363_2/pdf:URL},
  Hyphenation              = {english},
  Language                 = {english},
  Owner                    = {Maks},
  Timestamp                = {2015.04.26}
}

@TechReport{svm_binary_probability,
  Title                    = {A Note on Platt's Probabilistic Outputs for Support Vector Machines},
  Author                   = {Hsuan-Tien Lin and Chih-Jen Lin and Ruby C. Weng},
  Institution              = {National Taiwan University},
  Year                     = {2003},

  Abstract                 = {Platt's probabilistic outputs for Support Vector Machines (Platt, 2000)
has been popular for applications that require posterior class probabilities. In this
note, we propose an improved algorithm that theoretically converges and avoids
numerical difficulties. A simple and ready-to-use pseudo code is included.},
  Hyphenation              = {english},
  Keywords                 = {Support Vector Machine, Posterior Probability},
  Language                 = {english},
  Owner                    = {Maks},
  Timestamp                = {2015.04.21}
}

@InProceedings{platt_probabilistic_outputs_for_binary_SVM,
  Title                    = {Probabilistic Outputs for Support Vector Machines and Comparisons to Regularized Likelihood Methods},
  Author                   = {John C. Platt},
  Booktitle                = {Advances in Large Margin Classifiers},
  Year                     = {1999},
  Pages                    = {61--74},
  Publisher                = {MIT Press},

  Abstract                 = {The output of a classifier should be a calibrated posterior probability to enable post-processing. Standard SVMs do not provide such probabilities. One method to create probabilities is to directly train a kernel classifier with a logit link function and a regularized maximum likelihood score. However, training with a maximum likelihood score will produce non-sparse kernel machines. Instead, we train an SVM, then train the parameters of an additional sigmoid function to map the SVM outputs into probabilities. This chapter compares classification error rate and likelihood scores for an SVM plus sigmoid versus a kernel method trained with a regularized likelihood error function. These methods are tested on three data-mining-style data sets. The SVM+sigmoid yields probabilities of comparable quality to the regularized maximum likelihood kernel method, while still retaining the sparseness of the SVM.},
  Hyphenation              = {english},
  Language                 = {english},
  Owner                    = {Maks},
  Timestamp                = {2015.04.26}
}

@Article{probability_estimates_multi_class_by_pairwise,
  Title                    = {Probability Estimates for Multi-class Classification by Pairwise Coupling},
  Author                   = {Ting-Fan Wu and Chih-Jen Lin and Ruby C. Weng},
  Journal                  = {Journal of Machine Learning Research},
  Year                     = {2004},

  Abstract                 = {Pairwise coupling is a popular multi-class classification method that combines all comparisons
for each pair of classes. This paper presents two approaches for obtaining class
probabilities. Both methods can be reduced to linear systems and are easy to implement.
We show conceptually and experimentally that the proposed approaches are more stable
than the two existing popular methods: voting and the method by Hastie and Tibshirani
(1998).},
  Hyphenation              = {english},
  Language                 = {english},
  Owner                    = {Maks},
  Timestamp                = {2015.04.21}
}

@Article{mais_endo_segmentation_on_topology_features,
  Title                    = {Сегментация клинических эндоскопических изображений, основанная на классификации векторных топологических признаков},
  Author                   = {Дунаева, О. А. and Малкова, Д. Б. and Мячин, М.Л. and Эдельсбруннер Х.},
  Journal                  = {Модел. и анализ информ. систем.},
  Year                     = {2013},
  Number                   = {6},
  Pages                    = {162-173},
  Volume                   = {20},

  Abstract                 = {В работе описан прототип системы автоматической сегментации и анноти-
рования эндоскопических изображений. Используемый алгоритм основан на
классификации векторов топологических признаков исходного изображения.
Мы используем схему обработки изображений, которая включает в себя
предобработку изображения, вычисление векторных дескрипторов, определен-
ных для каждой точки изображения, и дальнейшую классификацию дескрип-
торов. Процедура предобработки изображения включает выделение артефак-
товивыравниваниеяркостиизображения.Вработеподробноописаналгоритм
построения топологических дескрипторов и процедура построения классифи-
катора, основанная на совместном использовании схемы AdaBoost и наивного
байесова классификатора. В заключительном разделе приведены результаты
классификации реальных эндоскопических изображений.},
  Hyphenation              = {russian},
  Language                 = {russian},
  Owner                    = {Maks},
  Timestamp                = {2015.04.23}
}

@Article{computer_technology_in_endo_diagnostic,
  Title                    = {Новые компьютерные технологии эндоскопической диагностики в гастроэнтерологии и онкологии},
  Author                   = {Куваев, Р. О. and Кашин, С. В. and Капранов, В. А. and Эдельсбруннер, Х. and Мячин, М. Л. and Дунаева, О. А. and Русаков, А. И.},
  Journal                  = {Доказательная гастроэнтерология},
  Year                     = {2013},
  Number                   = {1},
  Pages                    = {3-12},
  Volume                   = {2},

  Hyphenation              = {russian},
  Language                 = {russian},
  Owner                    = {Maks},
  Timestamp                = {2015.04.22}
}

